@book{kreyszig2010advanced,
    title={Advanced engineering mathematics},
    author={Kreyszig, Erwin},
    year={2010},
    publisher={John Wiley \& Sons}
}

@book{anderson1995computational,
    title={Computational fluid dynamics},
    author={Anderson, John David and Wendt, J},
    volume={206},
    year={1995},
    publisher={Springer}
}

@book{wilcox1998turbulence,
    title={Turbulence modeling for CFD},
    author={Wilcox, David C and others},
    volume={2},
    year={1998},
    publisher={DCW industries La Canada, CA}
}

@book{wilcox2000basic,
    title={Basic fluid mechanics},
    author={Wilcox, David C},
    year={2000},
    publisher={DCW industries Flintridge, CA}
}
